

https://journals.openedition.org/samaj/8649
Of Violence, Paper and Neoliberalism: Bureaucracy and the Everyday State in South Asia
Bérénice Girard
https://doi.org/10.4000/samaj.8649


Paper, power, and procedure: reflections on Amazonian appropriations of bureaucracy and documents
{https://eprints.lse.ac.uk/68818/1/Walker_Paper%20power%20procedure_2017.pdf}
DOI: 10.1111/jlca.12237


2017
Bureaucracy as Violence
Jonathan Weinberg
Wayne State University
https://repository.law.umich.edu/cgi/viewcontent.cgi?article=1660&context=mlr


Maneuvering for Paper: Physical and Social Experiences of Bureaucracy in Venezuelan Amazonia
https://anthrosource.onlinelibrary.wiley.com/doi/epdf/10.1111/jlca.12190
First published: 08 November 2016 
https://doi.org/10.1111/jlca.12190

https://www.jstor.org/stable/41428497
The Duplicity of Paper: Counterfeit, Discretion, and Bureaucratic Authority in Early Colonial Madras
BHAVANI RAMAN
Comparative Studies in Society and History
Vol. 54,
2012
pp. 229-250 (22 pages)
Published By: Cambridge University Press


Red Tape: Bureaucracy, Structural Violence, and Poverty in India
Akhil Gupta
Duke University Press
2012 
https://www.jstor.org/stable/j.ctv125jn9d
https://www.amazon.com/Red-Tape-Bureaucracy-Structural-Violence/dp/0822351102